<record><leader>00000cas a22000007a 4500</leader><controlfield tag="001">28688755</controlfield><controlfield tag="008">930824d187u187ucauwr ne      0    0eng d</controlfield><datafield ind1=" " ind2=" " tag="010"><subfield code="a">sn 93051096 </subfield></datafield><datafield ind1=" " ind2=" " tag="040"><subfield code="a">CUY</subfield><subfield code="b">eng</subfield><subfield code="c">CNK</subfield><subfield code="d">OCLCQ</subfield></datafield><datafield ind1=" " ind2=" " tag="042"><subfield code="a">msc</subfield></datafield><datafield ind1="0" ind2=" " tag="130"><subfield code="a">San Francisco tribune (San Francisco, Calif. : 1876)</subfield></datafield><datafield ind1="1" ind2="0" tag="245"><subfield code="a">San Francisco tribune.</subfield></datafield><datafield ind1=" " ind2=" " tag="260"><subfield code="a">San Francisco, Calif. :</subfield><subfield code="b">Russell &amp; McKenney</subfield></datafield><datafield ind1=" " ind2=" " tag="300"><subfield code="a">v.</subfield></datafield><datafield ind1=" " ind2=" " tag="310"><subfield code="a">Weekly</subfield></datafield><datafield ind1=" " ind2=" " tag="588"><subfield code="a">Description based on: Vol. 1, no. 13 (Jan. 29, 1876).</subfield></datafield><datafield ind1=" " ind2="4" tag="651"><subfield code="a">San Francisco Bay Area (Calif.)</subfield><subfield code="v">Newspapers.</subfield></datafield><datafield ind1=" " ind2=" " tag="752"><subfield code="a">United States</subfield><subfield code="b">California</subfield><subfield code="c">San Francisco</subfield><subfield code="d">San Francisco.</subfield></datafield><datafield ind1="0" ind2="7" tag="785"><subfield code="t">San Francisco visitor (San Francisco, Calif. : 1873)</subfield><subfield code="w">(DLC)sn 93051092</subfield></datafield><datafield ind1="0" ind2="7" tag="785"><subfield code="t">San Francisco tribune and visitor</subfield><subfield code="w">(DLC)sn 93051097</subfield></datafield><datafield ind1="1" ind2=" " tag="029"><subfield code="a">AU@</subfield><subfield code="b">000025892973</subfield></datafield></record>